<?xml version="1.0" encoding="utf-8"?>
<record xmlns="http://www.loc.gov/MARC21/slim" xmlns:xsi="http://www.w3.org/2001/XMLSchema-instance" xsi:schemaLocation="http://www.loc.gov/MARC21/slim http://www.loc.gov/standards/marcxml/schema/MARC21slim.xsd">
	<leader>     nam a22     Mi 4500</leader>
	<controlfield tag="001">2788110</controlfield>
	<controlfield tag="003">NjP</controlfield>
	<controlfield tag="006">m        d        </controlfield>
	<controlfield tag="007">cr cn |||m|||a</controlfield>
	<controlfield tag="008">190221m19641966iq      o     000 0 ara d</controlfield>
	<datafield ind1=" " ind2=" " tag="040">
		<subfield code="a">ZYU</subfield>
		<subfield code="b">ara</subfield>
		<subfield code="e">rda</subfield>
		<subfield code="c">ZYU</subfield>
	</datafield>
	<datafield ind1=" " ind2="4" tag="050">
		<subfield code="a">BP135.A2</subfield>
		<subfield code="b">F5 1964</subfield>
	</datafield>
	<datafield ind1="1" ind2=" " tag="100">
		<subfield code="6">880-01</subfield>
		<subfield code="a">Fīrūzābādī, Murtaḍá al-Ḥusaynī,</subfield>
		<subfield code="d">1911-1990.</subfield>
	</datafield>
	<datafield ind1="1" ind2="0" tag="245">
		<subfield code="6">880-02</subfield>
		<subfield code="a">ʻInāyat al-uṣūl fī sharḥ Kifāyat al-uṣūl /</subfield>
		<subfield code="c">Murtaḍá al-Ḥusaynī al-Fīrūzābādī.</subfield>
	</datafield>
	<datafield ind1=" " ind2=" " tag="260">
		<subfield code="6">880-03</subfield>
		<subfield code="a">al-Najaf :</subfield>
		<subfield code="b">[publisher not identified],</subfield>
		<subfield code="c">1384-1386 [1964 or1965-1966 or 1967]</subfield>
		<subfield code="f">(Maṭbaʻat al-Najaf)</subfield>
	</datafield>
	<datafield ind1=" " ind2=" " tag="300">
		<subfield code="a">online resource (6 volumes)</subfield>
	</datafield>
	<datafield ind1=" " ind2=" " tag="336">
		<subfield code="a">text</subfield>
		<subfield code="2">rdacontent</subfield>
	</datafield>
	<datafield ind1=" " ind2=" " tag="337">
		<subfield code="a">computer</subfield>
		<subfield code="2">rdamedia</subfield>
	</datafield>
	<datafield ind1=" " ind2=" " tag="338">
		<subfield code="a">online resource</subfield>
		<subfield code="2">rdacarrier</subfield>
	</datafield>
	<datafield ind1=" " ind2=" " tag="500">
		<subfield code="a">Part of the Arabic Collections Online (ACO) project, contributed by Princeton University Libraries.</subfield>
	</datafield>
	<datafield ind1=" " ind2=" " tag="533">
		<subfield code="a">Electronic reproduction.</subfield>
		<subfield code="b">New York, N.Y. :</subfield>
		<subfield code="c">New York University,</subfield>
		<subfield code="d">2019.</subfield>
		<subfield code="5">NNU</subfield>
	</datafield>
	<datafield ind1="1" ind2="0" tag="600">
		<subfield code="6">880-04</subfield>
		<subfield code="a">Khurāsānī, Muḥammad Kāẓim,</subfield>
		<subfield code="d">1839 or 1840-1911.</subfield>
		<subfield code="t">Kifāyat al-uṣūl.</subfield>
	</datafield>
	<datafield ind1=" " ind2="0" tag="650">
		<subfield code="a">Islamic law</subfield>
		<subfield code="x">Interpretation and construction.</subfield>
	</datafield>
	<datafield ind1=" " ind2="7" tag="650">
		<subfield code="a">Islamic law</subfield>
		<subfield code="x">Interpretation and construction.</subfield>
		<subfield code="2">fast</subfield>
		<subfield code="0">(OCoLC)fst00979955</subfield>
	</datafield>
	<datafield ind1="2" ind2=" " tag="710">
		<subfield code="a">Princeton University.</subfield>
		<subfield code="b">Library.</subfield>
	</datafield>
	<datafield ind1="0" ind2=" " tag="730">
		<subfield code="a">Arabic Collections Online.</subfield>
	</datafield>
	<datafield ind1="0" ind2="8" tag="776">
		<subfield code="i">Print version:</subfield>
		<subfield code="a">Fīrūzābādī, Murtaḍá al-Ḥusaynī, 1911-1990.</subfield>
		<subfield code="t">ʻInāyat al-uṣūl fī sharḥ Kifāyat al-uṣūl</subfield>
		<subfield code="w">(NjP)2788110</subfield>
		<subfield code="w">(OCoLC)42865797</subfield>
	</datafield>
	<datafield ind1="4" ind2="0" tag="856">
		<subfield code="u">http://hdl.handle.net/2333.1/n5tb309j</subfield>
	</datafield>
	<datafield ind1="1" ind2=" " tag="880">
		<subfield code="6">100-01</subfield>
		<subfield code="a">فيروزابادي، مرتضى الحسيني،</subfield>
		<subfield code="d">1911-1990.</subfield>
	</datafield>
	<datafield ind1="1" ind2="0" tag="880">
		<subfield code="6">245-02</subfield>
		<subfield code="a">عناية الأصول في شرح كفاية الأصول /</subfield>
		<subfield code="c">مرتضى الحسيني الفيروزابادي.</subfield>
	</datafield>
	<datafield ind1=" " ind2=" " tag="880">
		<subfield code="6">260-03</subfield>
		<subfield code="a">النجف :</subfield>
		<subfield code="b">[s.n.],</subfield>
		<subfield code="c">1384-1386 [1964 أو -1965-1966 أو 1967]</subfield>
		<subfield code="f">(مطبعة النجف)</subfield>
	</datafield>
	<datafield ind1="1" ind2="4" tag="880">
		<subfield code="6">600-04</subfield>
		<subfield code="a">خراساني، محمد كاظم،,</subfield>
		<subfield code="d">1839 أو 40-1911.</subfield>
		<subfield code="t">كفاية الأصول.</subfield>
	</datafield>
	<datafield ind1=" " ind2=" " tag="959">
		<subfield code="a">NNU</subfield>
		<subfield code="b">WEB</subfield>
		<subfield code="c">GENI</subfield>
		<subfield code="t">0</subfield>
		<subfield code="m">Electronic access</subfield>
		<subfield code="s">01</subfield>
	</datafield>
	<datafield ind1=" " ind2=" " tag="999">
		<subfield code="i">NjP_2788110</subfield>
		<subfield code="o">(OCoLC)ocm42865797</subfield>
		<subfield code="s">princeton_aco001834:v. 1</subfield>
		<subfield code="s">princeton_aco001804:v. 2</subfield>
		<subfield code="s">princeton_aco001832:v. 3</subfield>
		<subfield code="s">princeton_aco001833:v. 4</subfield>
		<subfield code="s">princeton_aco001806:v. 5</subfield>
		<subfield code="s">princeton_aco001805:v. 6</subfield>
		<subfield code="s">princeton_aco001834:v. 1</subfield>
		<subfield code="s">princeton_aco001804:v. 2</subfield>
		<subfield code="s">princeton_aco001832:v. 3</subfield>
		<subfield code="s">princeton_aco001833:v. 4</subfield>
		<subfield code="s">princeton_aco001806:v. 5</subfield>
		<subfield code="s">princeton_aco001805:v. 6</subfield>
	</datafield>
</record>
